@article{Laabadi_Naimi_El,
  title   = {The 0/1 Multidimensional Knapsack Problem and Its Variants: A Survey of Practical Models and Heuristic Approaches},
  volume  = {08},
  doi     = {10.4236/ajor.2018.85023},
  number  = {05},
  journal = {American Journal of Operations Research},
  author  = {Laabadi, Soukaina and Naimi, Mohamed and El Amri, Hassan and Achchab, Boujemâa},
  year    = {2018},
  pages   = {395–439}
}

@inproceedings{Song_Zhang_Fang_2008,
  title     = {Multiple multidimensional knapsack problem and its applications in cognitive radio networks},
  url       = {http://dx.doi.org/10.1109/milcom.2008.4753629},
  booktitle = {MILCOM 2008 - 2008 IEEE Military Communications Conference},
  publisher = {IEEE},
  author    = {Song, Yang and Zhang, Chi and Fang, Yuguang},
  year      = {2008},
  month     = {Nov}
}

@phdthesis{Cui_1991,
  title  = {Using genetic algorithms to solve combinatorial optimization problems},
  url    = {http://dx.doi.org/10.25148/etd.fi14061560},
  school = {Florida International University},
  author = {Cui, Xinwei},
  year   = {1991},
  month  = {Apr},
  pages  = {8–13}
}
